<?xml version="1.0" encoding="UTF-8"?><record xmlns="http://www.loc.gov/MARC21/slim" xmlns:cinclude="http://apache.org/cocoon/include/1.0" xmlns:zs="http://www.loc.gov/zing/srw/">
  <leader>00571cz  a2200133n  4500</leader>
  <controlfield tag="001">n 2006172114</controlfield>
  <controlfield tag="003">DLC</controlfield>
  <controlfield tag="005">20070410074922.0</controlfield>
  <controlfield tag="008">070409n| acannaabn          |a aaa      </controlfield>
  <datafield tag="010" ind1=" " ind2=" ">
    <subfield code="a">n 2006172114</subfield>
  </datafield>
  <datafield tag="040" ind1=" " ind2=" ">
    <subfield code="a">DLC</subfield>
    <subfield code="b">eng</subfield>
    <subfield code="c">DLC</subfield>
  </datafield>
  <datafield tag="100" ind1="1" ind2=" ">
    <subfield code="a">Rahman, S. Mansoor</subfield>
  </datafield>
  <datafield tag="400" ind1="1" ind2=" ">
    <subfield code="a">Mansoor Rahman, S.</subfield>
  </datafield>
  <datafield tag="670" ind1=" " ind2=" ">
    <subfield code="a">Naik, N. T. K. Urbanisation of India, 2007:</subfield>
    <subfield code="b">t.p. (S. Mansoor Rahman) jkt. (sr. lect. at Osmania Coll.,  Kurnool; founder and chairman of Society for Manpower Planning and Development, Kurnool; presently co-ordinating the activities of NCLP-Spl. Sch. for Child Labour, Kallur)</subfield>
  </datafield>
</record>